<?xml version="1.0" encoding="UTF-8"?><collection xmlns="http://www.loc.gov/MARC21/slim"><record><leader>00406nam--2200133-i-4500</leader><controlfield tag="001">000024281</controlfield><controlfield tag="002">20161230</controlfield><controlfield tag="005">20161230201035</controlfield><controlfield tag="008">060222s1000------------r-----000-0-eng-d</controlfield><datafield ind1=" " ind2=" " tag="080"><subfield code="a">669.017.1:538.9(043</subfield></datafield><datafield ind1=" " ind2=" " tag="100"><subfield code="a">Hamar, Roger</subfield></datafield><datafield ind1=" " ind2=" " tag="245"><subfield code="a">Morphologies d`equilibre et de croissance de quelques cristaux intermetalliques. these</subfield></datafield><datafield ind1=" " ind2=" " tag="260"><subfield code="a">Grenoble, Univ.Scientifiqu Et Medicale,1981. 109 P</subfield></datafield><datafield ind1=" " ind2=" " tag="852"><subfield code="a">71120</subfield></datafield></record></collection>